%% This BibTeX bibliography file was created using BibDesk.
%% http://bibdesk.sourceforge.net/


%% Created for Maximilian Swiatlowski at 2009-04-09 23:59:35 -0400 


%% Saved with string encoding Unicode (UTF-8) 



@book{tilley,
	Author = {D.R. Tilley and J. Tilley},
	Date-Added = {2009-04-09 23:58:43 -0400},
	Date-Modified = {2009-04-09 23:59:34 -0400},
	Publisher = {Institute of Physics Publishing},
	Title = {Superfluidity and Superconductivity},
	Year = {1990}}

@book{atkins,
	Author = {K.R. Atkins},
	Date-Added = {2009-04-09 23:58:00 -0400},
	Date-Modified = {2009-04-09 23:58:40 -0400},
	Publisher = {Cambridge Univesity Press},
	Title = {Liquid Helium},
	Year = {1959}}

@book{wilks,
	Author = {J. Wilks},
	Date-Added = {2009-04-09 23:52:40 -0400},
	Date-Modified = {2009-04-09 23:53:43 -0400},
	Publisher = {Clarendon Press},
	Title = {The Properties of Liquid and Solid Helium},
	Year = {1967}}

@article{keesom,
	Author = {W.H. Keesom and A.P. Keesom},
	Date-Added = {2009-04-09 23:26:40 -0400},
	Date-Modified = {2009-04-09 23:28:16 -0400},
	Journal = {Physica},
	Pages = {557-572},
	Title = {New measurements on the specific heat of liquid helium},
	Volume = {2},
	Year = {1935}}

@article{donnelly,
	Abstract = {Focuses on the discoveries of superfluidity and superconductivity. Discovery and liquefaction of helium; Analysis of the latent-heat curve of liquid helium; Figures significant to the discovery of superfluidity include Heike Kamerlingh Onnes, John F. Allen, Donald Misener and Peter Leonidovich Kapista; Viscosity measurements and thermomechanical effect in helium II; Reasons for the slow discovery of superfluidity.},
	Author = {Donnelly, Russell J.},
	Date-Modified = {2009-04-09 22:56:48 -0400},
	Issn = {00319228},
	Journal = {Physics Today},
	Keywords = {SUPERFLUIDITY, SUPERCONDUCTIVITY},
	Number = {7},
	Pages = {30-36},
	Title = {The discovery of superfluidity.},
	Url = {http://ezp-prod1.hul.harvard.edu/login?url=http://search.ebscohost.com/login.aspx?direct=true&db=aph&AN=9508032255&site=ehost-live&scope=site},
	Volume = {48},
	Year = {1995},
	Bdsk-Url-1 = {http://ezp-prod1.hul.harvard.edu/login?url=http://search.ebscohost.com/login.aspx?direct=true&db=aph&AN=9508032255&site=ehost-live&scope=site}}

@article{hallock,
	Author = {Robert B. Hallock},
	Date-Modified = {2009-04-09 22:56:57 -0400},
	Doi = {10.1119/1.13056},
	Journal = {American Journal of Physics},
	Keywords = {SUPERCONDUCTIVITY; HELIUM 3 A; HELIUM 3 B; HELIUM II; SUPERFLUIDITY; VORTEX FLOW; VISCOSITY; BIBLIOGRAPHIES; FILM FLOW; LANDA LIQUID HELIUM THEORY; MIXTURES; ZERO SOUND; THIRD SOUND; FOURTH SOUND; FIFTH SOUND; IMPURITIES},
	Number = {3},
	Pages = {202-212},
	Publisher = {AAPT},
	Title = {Resource letter SH-1: superfluid helium},
	Url = {http://link.aip.org/link/?AJP/50/202/1},
	Volume = {50},
	Year = {1982},
	Bdsk-Url-1 = {http://link.aip.org/link/?AJP/50/202/1},
	Bdsk-Url-2 = {http://dx.doi.org/10.1119/1.13056}}

@article{lane,
	Author = {C. T. Lane},
	Date-Modified = {2009-04-09 22:59:02 -0400},
	Doi = {10.1119/1.1974104},
	Journal = {American Journal of Physics},
	Number = {5},
	Pages = {367-375},
	Publisher = {AAPT},
	Title = {Resource Letter LH-1 on Liquid Helium},
	Url = {http://link.aip.org/link/?AJP/35/367/1},
	Volume = {35},
	Year = {1967},
	Bdsk-Url-1 = {http://link.aip.org/link/?AJP/35/367/1},
	Bdsk-Url-2 = {http://dx.doi.org/10.1119/1.1974104}}

@article{pellam,
	Author = {Pellam, J. R.},
	Date-Modified = {2009-04-09 23:45:29 -0400},
	Doi = {10.1103/PhysRev.75.1183},
	Journal = {Phys. Rev.},
	Month = {Apr},
	Number = {8},
	Numpages = {11},
	Pages = {1183--1194},
	Publisher = {American Physical Society},
	Title = {Investigations of Pulsed Second Sound in Liquid Helium II},
	Volume = {75},
	Year = {1949},
	Bdsk-Url-1 = {http://dx.doi.org/10.1103/PhysRev.75.1183}}

@article{ahlers,
	Author = {Ahlers, Guenter },
	Date-Modified = {2009-04-09 23:50:38 -0400},
	Doi = {10.1103/PhysRevA.3.696},
	Journal = {Phys. Rev. A},
	Month = {Feb},
	Number = {2},
	Numpages = {20},
	Pages = {696--716},
	Publisher = {American Physical Society},
	Title = {Heat Capacity near the Superfluid Transition in $He4$ at Saturated Vapor Pressure},
	Volume = {3},
	Year = {1971},
	Bdsk-Url-1 = {http://dx.doi.org/10.1103/PhysRevA.3.696}}
