%% This BibTeX bibliography file was created using BibDesk.
%% http://bibdesk.sourceforge.net/


%% Created for steven schowalter at 2009-03-10 02:45:01 -0400 


%% Saved with string encoding Western (ASCII) 



@book{bates,
	Author = {D. M. Bates and D.G. Watts},
	Date-Added = {2009-03-10 02:39:04 -0400},
	Date-Modified = {2009-03-10 02:42:17 -0400},
	Publisher = {Wiley},
	Title = {Nonlinear Regression Analysis and Its Applications},
	Year = {1988}}

@article{anderson,
	Author = {Anderson, Carl D. and Neddermeyer, Seth H.},
	Doi = {10.1103/PhysRev.50.263},
	Journal = {Phys. Rev.},
	Month = {Aug},
	Number = {4},
	Numpages = {8},
	Pages = {263--271},
	Publisher = {American Physical Society},
	Title = {Cloud Chamber Observations of Cosmic Rays at 4300 Meters Elevation and Near Sea-Level},
	Volume = {50},
	Year = {1936}}

@booklet{pdg,
	Author = {C. Amsler},
	Date-Added = {2009-03-07 21:42:02 -0500},
	Date-Modified = {2009-03-07 21:43:17 -0500},
	Month = {July},
	Title = {Particle Physics Booklet},
	Year = {2008}}

@article{yao,
	Author = {W.M. Yao},
	Date-Added = {2009-03-07 17:31:18 -0500},
	Date-Modified = {2009-03-07 17:32:18 -0500},
	Journal = {Journal of Physics G},
	Number = {1},
	Title = {Passage of Particles Through Matter},
	Volume = {33},
	Year = {2006}}

@book{griffiths,
	Author = {David Griffiths},
	Date-Added = {2009-03-07 17:12:22 -0500},
	Date-Modified = {2009-03-07 17:17:28 -0500},
	Publisher = {Wiley-VCH},
	Title = {Introduction to Elementary Particles},
	Year = {2008}}

@book{rossi,
	Author = {Bruno Rossi},
	Date-Added = {2009-03-07 17:10:46 -0500},
	Date-Modified = {2009-03-07 17:12:18 -0500},
	Publisher = {Prentice-Hall},
	Title = {High-Energy Particles},
	Year = {1952}}

@article{scott,
	Author = {D. Scott},
	Date-Added = {2009-03-07 17:08:34 -0500},
	Date-Modified = {2009-03-07 17:09:32 -0500},
	Journal = {Biometrika},
	Pages = {605-610},
	Title = {On optimal and data-based histograms},
	Volume = {66},
	Year = {1979}}

@article{street,
	Author = {Street, J. C. and Stevenson, E. C.},
	Bdsk-Url-1 = {http://dx.doi.org/10.1103/PhysRev.52.1003},
	Date-Modified = {2009-01-31 16:12:46 -0500},
	Doi = {10.1103/PhysRev.52.1003},
	Journal = {Phys. Rev.},
	Month = {Nov},
	Number = {9},
	Numpages = {1},
	Pages = {1003--1004},
	Publisher = {American Physical Society},
	Title = {New Evidence for the Existence of a Particle of Mass Intermediate Between the Proton and Electron},
	Volume = {52},
	Year = {1937}}

@article{hughes,
	Author = {Hughes, Donald J.},
	Bdsk-Url-1 = {http://dx.doi.org/10.1103/PhysRev.57.592},
	Date-Modified = {2009-01-31 16:13:14 -0500},
	Doi = {10.1103/PhysRev.57.592},
	Journal = {Phys. Rev.},
	Month = {Apr},
	Number = {7},
	Numpages = {5},
	Pages = {592--597},
	Publisher = {American Physical Society},
	Title = {Positive Excess and Electron Component in the Cosmic-Ray Spectrum},
	Volume = {57},
	Year = {1940}}

@article{conversi,
	Author = {Conversi, M.  and Pancini, E.  and Piccioni, O. },
	Bdsk-Url-1 = {http://dx.doi.org/10.1103/PhysRev.71.209},
	Date-Modified = {2009-01-31 16:13:04 -0500},
	Doi = {10.1103/PhysRev.71.209},
	Journal = {Phys. Rev.},
	Month = {Feb},
	Number = {3},
	Numpages = {1},
	Pages = {209--210},
	Publisher = {American Physical Society},
	Title = {On the Disintegration of Negative Mesons},
	Volume = {71},
	Year = {1947}}

@article{fermi,
	Author = {Fermi, E.  and Teller, E.  and Weisskopf, V. },
	Bdsk-Url-1 = {http://dx.doi.org/10.1103/PhysRev.71.314},
	Date-Modified = {2009-01-31 16:14:00 -0500},
	Doi = {10.1103/PhysRev.71.314},
	Journal = {Phys. Rev.},
	Month = {Mar},
	Number = {5},
	Numpages = {1},
	Pages = {314--315},
	Publisher = {American Physical Society},
	Title = {The Decay of Negative Mesotrons in Matter},
	Volume = {71},
	Year = {1947}}

@article{valley,
	Author = {Valley, G. E.},
	Bdsk-Url-1 = {http://dx.doi.org/10.1103/PhysRev.72.772},
	Date-Modified = {2009-01-31 16:14:31 -0500},
	Doi = {10.1103/PhysRev.72.772},
	Journal = {Phys. Rev.},
	Month = {Nov},
	Number = {9},
	Numpages = {11},
	Pages = {772--783},
	Publisher = {American Physical Society},
	Title = {The Radioactive Decay of Slow Positive and Negative Mesons},
	Volume = {72},
	Year = {1947}}

@article{valleyrossi,
	Author = {Valley, G. E. and Rossi, B. },
	Bdsk-Url-1 = {http://dx.doi.org/10.1103/PhysRev.73.177.2},
	Date-Modified = {2009-01-31 16:14:44 -0500},
	Doi = {10.1103/PhysRev.73.177.2},
	Journal = {Phys. Rev.},
	Month = {Jan},
	Number = {2},
	Numpages = {1},
	Pages = {177--178},
	Publisher = {American Physical Society},
	Title = {On the Mean Life of Negative Mesons},
	Volume = {73},
	Year = {1948}}

@article{bell,
	Author = {Bell, W. E. and Hincks, E. P.},
	Bdsk-Url-1 = {http://dx.doi.org/10.1103/PhysRev.84.1243},
	Date-Modified = {2009-01-31 16:14:17 -0500},
	Doi = {10.1103/PhysRev.84.1243},
	Journal = {Phys. Rev.},
	Month = {Dec},
	Number = {6},
	Numpages = {1},
	Pages = {1243},
	Publisher = {American Physical Society},
	Title = {The Lifetime of the $\mu{}+$-Meson},
	Volume = {84},
	Year = {1951}}

@article{garwin,
	Author = {Garwin, Richard L. and Lederman, Leon M. and Weinrich, Marcel },
	Bdsk-Url-1 = {http://dx.doi.org/10.1103/PhysRev.105.1415},
	Date-Modified = {2009-01-31 16:12:58 -0500},
	Doi = {10.1103/PhysRev.105.1415},
	Journal = {Phys. Rev.},
	Month = {Feb},
	Number = {4},
	Numpages = {2},
	Pages = {1415--1417},
	Publisher = {American Physical Society},
	Title = {Observations of the Failure of Conservation of Parity and Charge Conjugation in Meson Decays: the Magnetic Moment of the Free Muon},
	Volume = {105},
	Year = {1957}}

@article{friedman,
	Author = {Friedman, Jerome I. and Telegdi, V. L.},
	Bdsk-Url-1 = {http://dx.doi.org/10.1103/PhysRev.105.1681.2},
	Date-Modified = {2009-01-31 16:12:42 -0500},
	Doi = {10.1103/PhysRev.105.1681.2},
	Journal = {Phys. Rev.},
	Month = {Mar},
	Number = {5},
	Numpages = {1},
	Pages = {1681--1682},
	Publisher = {American Physical Society},
	Title = {Nuclear Emulsion Evidence for Parity Nonconservation in the Decay Chain $\pi{}+-\mu{}+-e+$},
	Volume = {105},
	Year = {1957}}

@article{fischer,
	Author = {Fischer, J.  and Leontic, B.  and Lundby, A.  and Meunier, R.  and Stroot, J. P.},
	Bdsk-Url-1 = {http://dx.doi.org/10.1103/PhysRevLett.3.349},
	Date-Modified = {2009-01-31 16:12:21 -0500},
	Doi = {10.1103/PhysRevLett.3.349},
	Journal = {Phys. Rev. Lett.},
	Month = {Oct},
	Number = {7},
	Numpages = {1},
	Pages = {349--350},
	Publisher = {American Physical Society},
	Title = {Measurement of $\mu{}+$ Lifetime},
	Volume = {3},
	Year = {1959}}

@article{reiter,
	Author = {Reiter, R. A. and Romanowski, T. A. and Sutton, R. B. and Chidley, B. G.},
	Bdsk-Url-1 = {http://dx.doi.org/10.1103/PhysRevLett.5.22},
	Date-Modified = {2009-01-31 16:13:20 -0500},
	Doi = {10.1103/PhysRevLett.5.22},
	Journal = {Phys. Rev. Lett.},
	Month = {Jul},
	Number = {1},
	Numpages = {1},
	Pages = {22--23},
	Publisher = {American Physical Society},
	Title = {Precise Measurements of the Mean Lives of $\mu{}+$ and $\mu{}-$ Mesons in Carbon},
	Volume = {5},
	Year = {1960}}

@article{allkofer,
	Author = {O. C. Allkofer and K. Carstensen and W. D. Dau},
	Bdsk-Url-1 = {http://www.sciencedirect.com/science/article/B6TVN-470W4PV-YN/2/4a659d64fc0f3865e9a718b7dea00732},
	Bdsk-Url-2 = {http://dx.doi.org/10.1016/0370-2693(71)90741-6},
	Date-Modified = {2009-01-31 16:13:51 -0500},
	Doi = {DOI: 10.1016/0370-2693(71)90741-6},
	Issn = {0370-2693},
	Journal = {Physics Letters B},
	Number = {4},
	Pages = {425 - 427},
	Title = {The absolute cosmic ray muon spectrum at sea level},
	Url = {http://www.sciencedirect.com/science/article/B6TVN-470W4PV-YN/2/4a659d64fc0f3865e9a718b7dea00732},
	Volume = {36},
	Year = {1971}}

@article{frisch,
	Author = {David H. Frisch and James H. Smith},
	Bdsk-Url-1 = {http://link.aip.org/link/?AJP/31/342/1},
	Bdsk-Url-2 = {http://dx.doi.org/10.1119/1.1969508},
	Date-Modified = {2009-01-31 16:12:27 -0500},
	Doi = {10.1119/1.1969508},
	Journal = {American Journal of Physics},
	Number = {5},
	Pages = {342-355},
	Publisher = {AAPT},
	Title = {Measurement of the Relativistic Time Dilation Using mu-Mesons},
	Url = {http://link.aip.org/link/?AJP/31/342/1},
	Volume = {31},
	Year = {1963}}

@article{hovis,
	Author = {R. Corby Hovis and Helge Kragh},
	Bdsk-Url-1 = {http://link.aip.org/link/?AJP/59/779/1},
	Bdsk-Url-2 = {http://dx.doi.org/10.1119/1.16727},
	Date-Modified = {2009-01-31 16:13:32 -0500},
	Doi = {10.1119/1.16727},
	Journal = {American Journal of Physics},
	Keywords = {HISTORICAL ASPECTS; ELEMENTARY PARTICLES; BIBLIOGRAPHIES},
	Number = {9},
	Pages = {779-807},
	Publisher = {AAPT},
	Title = {Resource Letter HEPP-1: History of elementary-particle physics},
	Url = {http://link.aip.org/link/?AJP/59/779/1},
	Volume = {59},
	Year = {1991}}

@article{lindley,
	Author = {David Lindley and Edward W. Kolb and David N. Schramm},
	Bdsk-Url-1 = {http://link.aip.org/link/?AJP/56/492/1},
	Bdsk-Url-2 = {http://dx.doi.org/10.1119/1.15563},
	Date-Modified = {2009-01-31 16:13:25 -0500},
	Doi = {10.1119/1.15563},
	Journal = {American Journal of Physics},
	Keywords = {BIBLIOGRAPHIES; COSMOLOGY; UNIVERSE; ELEMENTARY PARTICLES; MEETINGS},
	Number = {6},
	Pages = {492-501},
	Publisher = {AAPT},
	Title = {Resource Letter CPP-1:Cosmology and particle physics},
	Url = {http://link.aip.org/link/?AJP/56/492/1},
	Volume = {56},
	Year = {1988}}

@article{winckler,
	Author = {J. R. Winckler and D. J. Hofmann},
	Bdsk-Url-1 = {http://link.aip.org/link/?AJP/35/2/1},
	Bdsk-Url-2 = {http://dx.doi.org/10.1119/1.1973857},
	Date-Modified = {2009-01-31 16:13:28 -0500},
	Doi = {10.1119/1.1973857},
	Journal = {American Journal of Physics},
	Number = {1},
	Pages = {2-12},
	Publisher = {AAPT},
	Title = {Resource Letter CR-1 on Cosmic Rays},
	Url = {http://link.aip.org/link/?AJP/35/2/1},
	Volume = {35},
	Year = {1967}}

@article{trower,
	Author = {W. Peter Trower},
	Bdsk-Url-1 = {http://link.aip.org/link/?AJP/38/795/1},
	Bdsk-Url-2 = {http://dx.doi.org/10.1119/1.1976474},
	Date-Modified = {2009-01-31 16:13:36 -0500},
	Doi = {10.1119/1.1976474},
	Journal = {American Journal of Physics},
	Number = {7},
	Pages = {795-805},
	Publisher = {AAPT},
	Title = {Resource Letter PD-1 on Particle Detectors},
	Url = {http://link.aip.org/link/?AJP/38/795/1},
	Volume = {38},
	Year = {1970}}

@article{amsler,
	Author = {C. Amsler},
	Bdsk-Url-1 = {http://link.aip.org/link/?AJP/42/1067/1},
	Bdsk-Url-2 = {http://dx.doi.org/10.1119/1.1987938},
	Date-Modified = {2009-01-31 16:14:13 -0500},
	Doi = {10.1119/1.1987938},
	Journal = {American Journal of Physics},
	Number = {12},
	Pages = {1067-1069},
	Publisher = {AAPT},
	Title = {The Determination of the Muon Magnetic Moment from Cosmic Rays},
	Url = {http://link.aip.org/link/?AJP/42/1067/1},
	Volume = {42},
	Year = {1974}}

@article{owens,
	Author = {A. Owens and A. E. Macgregor},
	Bdsk-Url-1 = {http://link.aip.org/link/?AJP/46/859/1},
	Bdsk-Url-2 = {http://dx.doi.org/10.1119/1.11407},
	Date-Modified = {2009-01-31 16:13:40 -0500},
	Doi = {10.1119/1.11407},
	Journal = {American Journal of Physics},
	Keywords = {MUON DETECTION; COSMIC RAY DETECTION; COSMIC MUONS; LIFETIME; PLASTIC SCINTILLATION DETECTORS; COUNTING CIRCUITS; LOGIC CIRCUITS},
	Number = {8},
	Pages = {859-860},
	Publisher = {AAPT},
	Title = {Simple technique for determining the mean lifetime of the cosmic ray mu meson},
	Url = {http://link.aip.org/link/?AJP/46/859/1},
	Volume = {46},
	Year = {1978}}

@article{ward,
	Author = {T. Ward and M. Barker and J. Breeden and K. Komisarcik and M. Pickar and D. Wark and J. Wiggins},
	Bdsk-Url-1 = {http://link.aip.org/link/?AJP/53/542/1},
	Bdsk-Url-2 = {http://dx.doi.org/10.1119/1.14235},
	Date-Modified = {2009-01-31 16:12:14 -0500},
	Doi = {10.1119/1.14235},
	Journal = {American Journal of Physics},
	Keywords = {LIFETIME; BENCH--SCALE EXPERIMENTS; COSMIC MUONS; CAPTURE; LIQUID SCINTILLATION DETECTORS; PLASTIC SCINTILLATION DETECTORS; WATER; CHERENKOV COUNTERS},
	Number = {6},
	Pages = {542-546},
	Publisher = {AAPT},
	Title = {Laboratory study of the cosmic-ray muon lifetime},
	Url = {http://link.aip.org/link/?AJP/53/542/1},
	Volume = {53},
	Year = {1985}}

@article{easwar,
	Author = {Nalini Easwar and Douglas A. MacIntire},
	Bdsk-Url-1 = {http://link.aip.org/link/?AJP/59/589/1},
	Bdsk-Url-2 = {http://dx.doi.org/10.1119/1.16841},
	Date-Modified = {2009-01-31 16:13:43 -0500},
	Doi = {10.1119/1.16841},
	Journal = {American Journal of Physics},
	Keywords = {BENCH--SCALE EXPERIMENTS; COSMIC MUONS; COSMIC RAY FLUX; SECONDARY COSMIC RADIATION; RELATIVITY THEORY; ALTITUDE},
	Number = {7},
	Pages = {589-592},
	Publisher = {AAPT},
	Title = {Study of the effect of relativistic time dilation on cosmic ray muon flux---An undergraduate modern physics experiment},
	Url = {http://link.aip.org/link/?AJP/59/589/1},
	Volume = {59},
	Year = {1991}}
