%% This BibTeX bibliography file was created using BibDesk.
%% http://bibdesk.sourceforge.net/


%% Created for Maximilian Swiatlowski at 2009-05-13 04:52:19 -0400 


%% Saved with string encoding Unicode (UTF-8) 



@article{bloom,
	Author = {A. L. Bloom},
	Date-Added = {2009-05-13 04:48:36 -0400},
	Date-Modified = {2009-05-13 04:52:19 -0400},
	Journal = {Scientific American},
	Number = {72},
	Title = {Optical Pumping},
	Volume = {203},
	Year = {1960}}

@book{bates,
	Author = {D. M. Bates and D.G. Watts},
	Date-Added = {2009-05-13 03:50:32 -0400},
	Date-Modified = {2009-05-13 03:50:32 -0400},
	Publisher = {Wiley},
	Title = {Nonlinear Regression Analysis and Its Applications},
	Year = {1988}}

@book{vanier,
	Author = {Jacques Vanier and Claude Audoin},
	Date-Added = {2009-05-13 03:46:00 -0400},
	Date-Modified = {2009-05-13 03:48:43 -0400},
	Publisher = {Institute of Physics Publishing},
	Title = {The Quantum Physics of Atomic Frequency Standards},
	Year = {1989}}

@article{franzen,
	Author = {W. Franzen},
	Date-Added = {2009-05-13 03:43:36 -0400},
	Date-Modified = {2009-05-13 03:44:26 -0400},
	Journal = {Physical Review},
	Number = {4},
	Title = {Spin Relaxation of Optically Aligned Rubidium Vapor},
	Volume = {115},
	Year = {1959}}

@article{happer,
	Author = {William Happer},
	Date-Added = {2009-05-13 03:41:40 -0400},
	Date-Modified = {2009-05-13 03:42:21 -0400},
	Journal = {Reviews of Modern Physics},
	Number = {2},
	Title = {Optical Pumping},
	Volume = {44},
	Year = {1972}}

@book{griffiths,
	Author = {David J. Griffiths},
	Date-Added = {2009-05-13 03:39:53 -0400},
	Date-Modified = {2009-05-13 03:41:00 -0400},
	Publisher = {Pearson Prentice Hall},
	Title = {Introduction to Quantum Mechanics},
	Year = {2005}}

@book{bernheim,
	Author = {Robert Bernheim},
	Date-Added = {2009-05-13 03:38:47 -0400},
	Date-Modified = {2009-05-13 03:39:47 -0400},
	Publisher = {W. A. Benjamin, Inc.},
	Title = {Optical Pumping: An Introduction},
	Year = {1965}}

@book{yariv,
	Author = {Amnon Yariv},
	Date-Added = {2009-05-13 03:37:34 -0400},
	Date-Modified = {2009-05-13 03:38:44 -0400},
	Publisher = {John Wiley \& Sons},
	Title = {Quantum Electronics},
	Year = {1975}}

@book{budker,
	Author = {Dmitry Budker and Derek F. Kimball and David P. DeMille},
	Date-Added = {2009-05-13 03:35:44 -0400},
	Date-Modified = {2009-05-13 03:37:14 -0400},
	Publisher = {Oxford University Press},
	Title = {Atomic Physics: An Exploration through Problems and Solutions},
	Year = {2008}}
